%YAML 1.1
%TAG !u! tag:unity3d.com,2011:
--- !u!1 &1128941443996907782
GameObject:
  m_ObjectHideFlags: 0
  m_CorrespondingSourceObject: {fileID: 0}
  m_PrefabInstance: {fileID: 0}
  m_PrefabAsset: {fileID: 0}
  serializedVersion: 6
  m_Component:
  - component: {fileID: 1128941443996907802}
  - component: {fileID: 1128941443996907801}
  - component: {fileID: 1128941443996907800}
  - component: {fileID: 1128941443996907783}
  m_Layer: 6
  m_Name: SingleLine-LightSaber (5)
  m_TagString: Untagged
  m_Icon: {fileID: 0}
  m_NavMeshLayer: 0
  m_StaticEditorFlags: 0
  m_IsActive: 1
--- !u!4 &1128941443996907802
Transform:
  m_ObjectHideFlags: 0
  m_CorrespondingSourceObject: {fileID: 0}
  m_PrefabInstance: {fileID: 0}
  m_PrefabAsset: {fileID: 0}
  m_GameObject: {fileID: 1128941443996907782}
  m_LocalRotation: {x: 0.5000006, y: -0.5000054, z: 0.5007391, w: 0.49925384}
  m_LocalPosition: {x: 324.51196, y: 23.735794, z: -557.61633}
  m_LocalScale: {x: 1.0256418, y: 0.8846504, z: 1.0256418}
  m_Children: []
  m_Father: {fileID: 1128941445283665439}
  m_RootOrder: 1
  m_LocalEulerAnglesHint: {x: 90.083984, y: -180, z: -89.83002}
--- !u!23 &1128941443996907801
MeshRenderer:
  m_ObjectHideFlags: 0
  m_CorrespondingSourceObject: {fileID: 0}
  m_PrefabInstance: {fileID: 0}
  m_PrefabAsset: {fileID: 0}
  m_GameObject: {fileID: 1128941443996907782}
  m_Enabled: 1
  m_CastShadows: 0
  m_ReceiveShadows: 0
  m_DynamicOccludee: 1
  m_MotionVectors: 1
  m_LightProbeUsage: 0
  m_ReflectionProbeUsage: 0
  m_RayTracingMode: 2
  m_RayTraceProcedural: 0
  m_RenderingLayerMask: 1
  m_RendererPriority: 0
  m_Materials:
  - {fileID: 0}
  m_StaticBatchInfo:
    firstSubMesh: 0
    subMeshCount: 0
  m_StaticBatchRoot: {fileID: 0}
  m_ProbeAnchor: {fileID: 0}
  m_LightProbeVolumeOverride: {fileID: 0}
  m_ScaleInLightmap: 1
  m_ReceiveGI: 1
  m_PreserveUVs: 0
  m_IgnoreNormalsForChartDetection: 0
  m_ImportantGI: 0
  m_StitchLightmapSeams: 0
  m_SelectedEditorRenderState: 3
  m_MinimumChartSize: 4
  m_AutoUVMaxDistance: 0.5
  m_AutoUVMaxAngle: 89
  m_LightmapParameters: {fileID: 0}
  m_SortingLayerID: 0
  m_SortingLayer: 0
  m_SortingOrder: 0
  m_AdditionalVertexStreams: {fileID: 0}
--- !u!33 &1128941443996907800
MeshFilter:
  m_ObjectHideFlags: 0
  m_CorrespondingSourceObject: {fileID: 0}
  m_PrefabInstance: {fileID: 0}
  m_PrefabAsset: {fileID: 0}
  m_GameObject: {fileID: 1128941443996907782}
  m_Mesh: {fileID: 0}
--- !u!114 &1128941443996907783
MonoBehaviour:
  m_ObjectHideFlags: 0
  m_CorrespondingSourceObject: {fileID: 0}
  m_PrefabInstance: {fileID: 0}
  m_PrefabAsset: {fileID: 0}
  m_GameObject: {fileID: 1128941443996907782}
  m_Enabled: 1
  m_EditorHideFlags: 0
  m_Script: {fileID: 11500000, guid: 0884dceb0d4308c4eb8bc763c8f8deae, type: 3}
  m_Name: 
  m_EditorClassIdentifier: 
  m_templateMaterial: {fileID: 2100000, guid: 974b33ccbd786464a825203eb88b8dab, type: 2}
  m_doNotOverwriteTemplateMaterialProperties: 0
  m_startPos: {x: 0, y: 100, z: 0}
  m_endPos: {x: 0, y: 0, z: 0}
  m_lineColor: {r: 0.06568074, g: 1, b: 0, a: 1}
  m_lineWidth: 20
  m_lightSaberFactor: 0.8
--- !u!1 &1128941444276832975
GameObject:
  m_ObjectHideFlags: 0
  m_CorrespondingSourceObject: {fileID: 0}
  m_PrefabInstance: {fileID: 0}
  m_PrefabAsset: {fileID: 0}
  serializedVersion: 6
  m_Component:
  - component: {fileID: 1128941444276832963}
  - component: {fileID: 1128941444276832962}
  - component: {fileID: 1128941444276832961}
  - component: {fileID: 1128941444276832960}
  m_Layer: 6
  m_Name: SingleLine-LightSaber (6)
  m_TagString: Untagged
  m_Icon: {fileID: 0}
  m_NavMeshLayer: 0
  m_StaticEditorFlags: 0
  m_IsActive: 1
--- !u!4 &1128941444276832963
Transform:
  m_ObjectHideFlags: 0
  m_CorrespondingSourceObject: {fileID: 0}
  m_PrefabInstance: {fileID: 0}
  m_PrefabAsset: {fileID: 0}
  m_GameObject: {fileID: 1128941444276832975}
  m_LocalRotation: {x: 0.7070568, y: -0.008751691, z: 0.7070607, w: 0.0076981606}
  m_LocalPosition: {x: 324.812, y: 21.309795, z: -557.61633}
  m_LocalScale: {x: 1.0256418, y: 0.44374076, z: 1.0256417}
  m_Children: []
  m_Father: {fileID: 1128941445283665439}
  m_RootOrder: 2
  m_LocalEulerAnglesHint: {x: 1.333, y: -269.999, z: -179.915}
--- !u!23 &1128941444276832962
MeshRenderer:
  m_ObjectHideFlags: 0
  m_CorrespondingSourceObject: {fileID: 0}
  m_PrefabInstance: {fileID: 0}
  m_PrefabAsset: {fileID: 0}
  m_GameObject: {fileID: 1128941444276832975}
  m_Enabled: 1
  m_CastShadows: 0
  m_ReceiveShadows: 0
  m_DynamicOccludee: 1
  m_MotionVectors: 1
  m_LightProbeUsage: 0
  m_ReflectionProbeUsage: 0
  m_RayTracingMode: 2
  m_RayTraceProcedural: 0
  m_RenderingLayerMask: 1
  m_RendererPriority: 0
  m_Materials:
  - {fileID: 0}
  m_StaticBatchInfo:
    firstSubMesh: 0
    subMeshCount: 0
  m_StaticBatchRoot: {fileID: 0}
  m_ProbeAnchor: {fileID: 0}
  m_LightProbeVolumeOverride: {fileID: 0}
  m_ScaleInLightmap: 1
  m_ReceiveGI: 1
  m_PreserveUVs: 0
  m_IgnoreNormalsForChartDetection: 0
  m_ImportantGI: 0
  m_StitchLightmapSeams: 0
  m_SelectedEditorRenderState: 3
  m_MinimumChartSize: 4
  m_AutoUVMaxDistance: 0.5
  m_AutoUVMaxAngle: 89
  m_LightmapParameters: {fileID: 0}
  m_SortingLayerID: 0
  m_SortingLayer: 0
  m_SortingOrder: 0
  m_AdditionalVertexStreams: {fileID: 0}
--- !u!33 &1128941444276832961
MeshFilter:
  m_ObjectHideFlags: 0
  m_CorrespondingSourceObject: {fileID: 0}
  m_PrefabInstance: {fileID: 0}
  m_PrefabAsset: {fileID: 0}
  m_GameObject: {fileID: 1128941444276832975}
  m_Mesh: {fileID: 0}
--- !u!114 &1128941444276832960
MonoBehaviour:
  m_ObjectHideFlags: 0
  m_CorrespondingSourceObject: {fileID: 0}
  m_PrefabInstance: {fileID: 0}
  m_PrefabAsset: {fileID: 0}
  m_GameObject: {fileID: 1128941444276832975}
  m_Enabled: 1
  m_EditorHideFlags: 0
  m_Script: {fileID: 11500000, guid: 0884dceb0d4308c4eb8bc763c8f8deae, type: 3}
  m_Name: 
  m_EditorClassIdentifier: 
  m_templateMaterial: {fileID: 2100000, guid: 974b33ccbd786464a825203eb88b8dab, type: 2}
  m_doNotOverwriteTemplateMaterialProperties: 0
  m_startPos: {x: 0, y: 100, z: 0}
  m_endPos: {x: 0, y: 0, z: 0}
  m_lineColor: {r: 0.06568074, g: 1, b: 0, a: 1}
  m_lineWidth: 20
  m_lightSaberFactor: 0.8
--- !u!1 &1128941444450287131
GameObject:
  m_ObjectHideFlags: 0
  m_CorrespondingSourceObject: {fileID: 0}
  m_PrefabInstance: {fileID: 0}
  m_PrefabAsset: {fileID: 0}
  serializedVersion: 6
  m_Component:
  - component: {fileID: 1128941444450287135}
  - component: {fileID: 1128941444450287134}
  - component: {fileID: 1128941444450287133}
  - component: {fileID: 1128941444450287132}
  m_Layer: 6
  m_Name: SingleLine-LightSaber (7)
  m_TagString: Untagged
  m_Icon: {fileID: 0}
  m_NavMeshLayer: 0
  m_StaticEditorFlags: 0
  m_IsActive: 1
--- !u!4 &1128941444450287135
Transform:
  m_ObjectHideFlags: 0
  m_CorrespondingSourceObject: {fileID: 0}
  m_PrefabInstance: {fileID: 0}
  m_PrefabAsset: {fileID: 0}
  m_GameObject: {fileID: 1128941444450287131}
  m_LocalRotation: {x: 0.7070568, y: -0.008751691, z: 0.7070607, w: 0.0076981606}
  m_LocalPosition: {x: 234.21191, y: 21.309795, z: -557.61633}
  m_LocalScale: {x: 1.0256418, y: 0.44374076, z: 1.0256417}
  m_Children: []
  m_Father: {fileID: 1128941445283665439}
  m_RootOrder: 3
  m_LocalEulerAnglesHint: {x: 1.333, y: -269.999, z: -179.915}
--- !u!23 &1128941444450287134
MeshRenderer:
  m_ObjectHideFlags: 0
  m_CorrespondingSourceObject: {fileID: 0}
  m_PrefabInstance: {fileID: 0}
  m_PrefabAsset: {fileID: 0}
  m_GameObject: {fileID: 1128941444450287131}
  m_Enabled: 1
  m_CastShadows: 0
  m_ReceiveShadows: 0
  m_DynamicOccludee: 1
  m_MotionVectors: 1
  m_LightProbeUsage: 0
  m_ReflectionProbeUsage: 0
  m_RayTracingMode: 2
  m_RayTraceProcedural: 0
  m_RenderingLayerMask: 1
  m_RendererPriority: 0
  m_Materials:
  - {fileID: 0}
  m_StaticBatchInfo:
    firstSubMesh: 0
    subMeshCount: 0
  m_StaticBatchRoot: {fileID: 0}
  m_ProbeAnchor: {fileID: 0}
  m_LightProbeVolumeOverride: {fileID: 0}
  m_ScaleInLightmap: 1
  m_ReceiveGI: 1
  m_PreserveUVs: 0
  m_IgnoreNormalsForChartDetection: 0
  m_ImportantGI: 0
  m_StitchLightmapSeams: 0
  m_SelectedEditorRenderState: 3
  m_MinimumChartSize: 4
  m_AutoUVMaxDistance: 0.5
  m_AutoUVMaxAngle: 89
  m_LightmapParameters: {fileID: 0}
  m_SortingLayerID: 0
  m_SortingLayer: 0
  m_SortingOrder: 0
  m_AdditionalVertexStreams: {fileID: 0}
--- !u!33 &1128941444450287133
MeshFilter:
  m_ObjectHideFlags: 0
  m_CorrespondingSourceObject: {fileID: 0}
  m_PrefabInstance: {fileID: 0}
  m_PrefabAsset: {fileID: 0}
  m_GameObject: {fileID: 1128941444450287131}
  m_Mesh: {fileID: 0}
--- !u!114 &1128941444450287132
MonoBehaviour:
  m_ObjectHideFlags: 0
  m_CorrespondingSourceObject: {fileID: 0}
  m_PrefabInstance: {fileID: 0}
  m_PrefabAsset: {fileID: 0}
  m_GameObject: {fileID: 1128941444450287131}
  m_Enabled: 1
  m_EditorHideFlags: 0
  m_Script: {fileID: 11500000, guid: 0884dceb0d4308c4eb8bc763c8f8deae, type: 3}
  m_Name: 
  m_EditorClassIdentifier: 
  m_templateMaterial: {fileID: 2100000, guid: 974b33ccbd786464a825203eb88b8dab, type: 2}
  m_doNotOverwriteTemplateMaterialProperties: 0
  m_startPos: {x: 0, y: 100, z: 0}
  m_endPos: {x: 0, y: 0, z: 0}
  m_lineColor: {r: 0.06568074, g: 1, b: 0, a: 1}
  m_lineWidth: 20
  m_lightSaberFactor: 0.8
--- !u!1 &1128941444996453799
GameObject:
  m_ObjectHideFlags: 0
  m_CorrespondingSourceObject: {fileID: 0}
  m_PrefabInstance: {fileID: 0}
  m_PrefabAsset: {fileID: 0}
  serializedVersion: 6
  m_Component:
  - component: {fileID: 1128941444996453819}
  - component: {fileID: 1128941444996453818}
  - component: {fileID: 1128941444996453817}
  - component: {fileID: 1128941444996453816}
  m_Layer: 6
  m_Name: SingleLine-LightSaber (4)
  m_TagString: Untagged
  m_Icon: {fileID: 0}
  m_NavMeshLayer: 0
  m_StaticEditorFlags: 0
  m_IsActive: 1
--- !u!4 &1128941444996453819
Transform:
  m_ObjectHideFlags: 0
  m_CorrespondingSourceObject: {fileID: 0}
  m_PrefabInstance: {fileID: 0}
  m_PrefabAsset: {fileID: 0}
  m_GameObject: {fileID: 1128941444996453799}
  m_LocalRotation: {x: 0.5000006, y: -0.5000054, z: 0.5007391, w: 0.49925384}
  m_LocalPosition: {x: 324.51196, y: -23.241205, z: -557.61633}
  m_LocalScale: {x: 1.0256418, y: 0.8846504, z: 1.0256418}
  m_Children: []
  m_Father: {fileID: 1128941445283665439}
  m_RootOrder: 0
  m_LocalEulerAnglesHint: {x: 90.083984, y: -180, z: -89.83002}
--- !u!23 &1128941444996453818
MeshRenderer:
  m_ObjectHideFlags: 0
  m_CorrespondingSourceObject: {fileID: 0}
  m_PrefabInstance: {fileID: 0}
  m_PrefabAsset: {fileID: 0}
  m_GameObject: {fileID: 1128941444996453799}
  m_Enabled: 1
  m_CastShadows: 0
  m_ReceiveShadows: 0
  m_DynamicOccludee: 1
  m_MotionVectors: 1
  m_LightProbeUsage: 0
  m_ReflectionProbeUsage: 0
  m_RayTracingMode: 2
  m_RayTraceProcedural: 0
  m_RenderingLayerMask: 1
  m_RendererPriority: 0
  m_Materials:
  - {fileID: 0}
  m_StaticBatchInfo:
    firstSubMesh: 0
    subMeshCount: 0
  m_StaticBatchRoot: {fileID: 0}
  m_ProbeAnchor: {fileID: 0}
  m_LightProbeVolumeOverride: {fileID: 0}
  m_ScaleInLightmap: 1
  m_ReceiveGI: 1
  m_PreserveUVs: 0
  m_IgnoreNormalsForChartDetection: 0
  m_ImportantGI: 0
  m_StitchLightmapSeams: 0
  m_SelectedEditorRenderState: 3
  m_MinimumChartSize: 4
  m_AutoUVMaxDistance: 0.5
  m_AutoUVMaxAngle: 89
  m_LightmapParameters: {fileID: 0}
  m_SortingLayerID: 0
  m_SortingLayer: 0
  m_SortingOrder: 0
  m_AdditionalVertexStreams: {fileID: 0}
--- !u!33 &1128941444996453817
MeshFilter:
  m_ObjectHideFlags: 0
  m_CorrespondingSourceObject: {fileID: 0}
  m_PrefabInstance: {fileID: 0}
  m_PrefabAsset: {fileID: 0}
  m_GameObject: {fileID: 1128941444996453799}
  m_Mesh: {fileID: 0}
--- !u!114 &1128941444996453816
MonoBehaviour:
  m_ObjectHideFlags: 0
  m_CorrespondingSourceObject: {fileID: 0}
  m_PrefabInstance: {fileID: 0}
  m_PrefabAsset: {fileID: 0}
  m_GameObject: {fileID: 1128941444996453799}
  m_Enabled: 1
  m_EditorHideFlags: 0
  m_Script: {fileID: 11500000, guid: 0884dceb0d4308c4eb8bc763c8f8deae, type: 3}
  m_Name: 
  m_EditorClassIdentifier: 
  m_templateMaterial: {fileID: 2100000, guid: 974b33ccbd786464a825203eb88b8dab, type: 2}
  m_doNotOverwriteTemplateMaterialProperties: 0
  m_startPos: {x: 0, y: 100, z: 0}
  m_endPos: {x: 0, y: 0, z: 0}
  m_lineColor: {r: 0.06568074, g: 1, b: 0, a: 1}
  m_lineWidth: 20
  m_lightSaberFactor: 0.8
--- !u!1 &1128941445283665438
GameObject:
  m_ObjectHideFlags: 0
  m_CorrespondingSourceObject: {fileID: 0}
  m_PrefabInstance: {fileID: 0}
  m_PrefabAsset: {fileID: 0}
  serializedVersion: 6
  m_Component:
  - component: {fileID: 1128941445283665439}
  m_Layer: 0
  m_Name: Finish
  m_TagString: Untagged
  m_Icon: {fileID: 0}
  m_NavMeshLayer: 0
  m_StaticEditorFlags: 0
  m_IsActive: 1
--- !u!4 &1128941445283665439
Transform:
  m_ObjectHideFlags: 0
  m_CorrespondingSourceObject: {fileID: 0}
  m_PrefabInstance: {fileID: 0}
  m_PrefabAsset: {fileID: 0}
  m_GameObject: {fileID: 1128941445283665438}
  m_LocalRotation: {x: 0, y: 0, z: 0, w: 1}
  m_LocalPosition: {x: -1694, y: 42.016205, z: 1609.6163}
  m_LocalScale: {x: 1, y: 1, z: 1}
  m_Children:
  - {fileID: 1128941444996453819}
  - {fileID: 1128941443996907802}
  - {fileID: 1128941444276832963}
  - {fileID: 1128941444450287135}
  m_Father: {fileID: 0}
  m_RootOrder: 0
  m_LocalEulerAnglesHint: {x: 0, y: 0, z: 0}
