%YAML 1.1
%TAG !u! tag:unity3d.com,2011:
--- !u!1 &5031466379220804397
GameObject:
  m_ObjectHideFlags: 0
  m_CorrespondingSourceObject: {fileID: 0}
  m_PrefabInstance: {fileID: 0}
  m_PrefabAsset: {fileID: 0}
  serializedVersion: 6
  m_Component:
  - component: {fileID: 5031466379220458349}
  - component: {fileID: 5031466379222690621}
  - component: {fileID: 5031466379223846361}
  - component: {fileID: 5031466379214595891}
  m_Layer: 6
  m_Name: SingleLine-LightSaber
  m_TagString: Untagged
  m_Icon: {fileID: 0}
  m_NavMeshLayer: 0
  m_StaticEditorFlags: 0
  m_IsActive: 1
--- !u!4 &5031466379220458349
Transform:
  m_ObjectHideFlags: 0
  m_CorrespondingSourceObject: {fileID: 0}
  m_PrefabInstance: {fileID: 0}
  m_PrefabAsset: {fileID: 0}
  m_GameObject: {fileID: 5031466379220804397}
  m_LocalRotation: {x: 0.7064134, y: -0, z: -0, w: 0.70779955}
  m_LocalPosition: {x: 0.025179252, y: 0.0001160216, z: -0.057215594}
  m_LocalScale: {x: 0.0002454505, y: 0.0011441758, z: 0.00024545044}
  m_Children: []
  m_Father: {fileID: 4781104811895830396}
  m_RootOrder: 1
  m_LocalEulerAnglesHint: {x: 89.89, y: 0, z: 0}
--- !u!23 &5031466379222690621
MeshRenderer:
  m_ObjectHideFlags: 0
  m_CorrespondingSourceObject: {fileID: 0}
  m_PrefabInstance: {fileID: 0}
  m_PrefabAsset: {fileID: 0}
  m_GameObject: {fileID: 5031466379220804397}
  m_Enabled: 1
  m_CastShadows: 0
  m_ReceiveShadows: 0
  m_DynamicOccludee: 1
  m_MotionVectors: 1
  m_LightProbeUsage: 0
  m_ReflectionProbeUsage: 0
  m_RayTracingMode: 2
  m_RayTraceProcedural: 0
  m_RenderingLayerMask: 1
  m_RendererPriority: 0
  m_Materials:
  - {fileID: 0}
  m_StaticBatchInfo:
    firstSubMesh: 0
    subMeshCount: 0
  m_StaticBatchRoot: {fileID: 0}
  m_ProbeAnchor: {fileID: 0}
  m_LightProbeVolumeOverride: {fileID: 0}
  m_ScaleInLightmap: 1
  m_ReceiveGI: 1
  m_PreserveUVs: 0
  m_IgnoreNormalsForChartDetection: 0
  m_ImportantGI: 0
  m_StitchLightmapSeams: 0
  m_SelectedEditorRenderState: 3
  m_MinimumChartSize: 4
  m_AutoUVMaxDistance: 0.5
  m_AutoUVMaxAngle: 89
  m_LightmapParameters: {fileID: 0}
  m_SortingLayerID: 0
  m_SortingLayer: 0
  m_SortingOrder: 0
  m_AdditionalVertexStreams: {fileID: 0}
--- !u!33 &5031466379223846361
MeshFilter:
  m_ObjectHideFlags: 0
  m_CorrespondingSourceObject: {fileID: 0}
  m_PrefabInstance: {fileID: 0}
  m_PrefabAsset: {fileID: 0}
  m_GameObject: {fileID: 5031466379220804397}
  m_Mesh: {fileID: 0}
--- !u!114 &5031466379214595891
MonoBehaviour:
  m_ObjectHideFlags: 0
  m_CorrespondingSourceObject: {fileID: 0}
  m_PrefabInstance: {fileID: 0}
  m_PrefabAsset: {fileID: 0}
  m_GameObject: {fileID: 5031466379220804397}
  m_Enabled: 1
  m_EditorHideFlags: 0
  m_Script: {fileID: 11500000, guid: 0884dceb0d4308c4eb8bc763c8f8deae, type: 3}
  m_Name: 
  m_EditorClassIdentifier: 
  m_templateMaterial: {fileID: 2100000, guid: 974b33ccbd786464a825203eb88b8dab, type: 2}
  m_doNotOverwriteTemplateMaterialProperties: 0
  m_startPos: {x: 0, y: 100, z: 0}
  m_endPos: {x: 0, y: 0, z: 0}
  m_lineColor: {r: 0, g: 1, b: 1, a: 1}
  m_lineWidth: 20
  m_lightSaberFactor: 0.8
--- !u!1 &5031466379334322801
GameObject:
  m_ObjectHideFlags: 0
  m_CorrespondingSourceObject: {fileID: 0}
  m_PrefabInstance: {fileID: 0}
  m_PrefabAsset: {fileID: 0}
  serializedVersion: 6
  m_Component:
  - component: {fileID: 5031466379334414897}
  - component: {fileID: 5031466379336630881}
  - component: {fileID: 5031466379337311365}
  - component: {fileID: 5031466379327688303}
  m_Layer: 6
  m_Name: SingleLine-LightSaber (3)
  m_TagString: Untagged
  m_Icon: {fileID: 0}
  m_NavMeshLayer: 0
  m_StaticEditorFlags: 0
  m_IsActive: 1
--- !u!4 &5031466379334414897
Transform:
  m_ObjectHideFlags: 0
  m_CorrespondingSourceObject: {fileID: 0}
  m_PrefabInstance: {fileID: 0}
  m_PrefabAsset: {fileID: 0}
  m_GameObject: {fileID: 5031466379334322801}
  m_LocalRotation: {x: 0.5000006, y: -0.5000054, z: 0.5007391, w: 0.49925384}
  m_LocalPosition: {x: 0.019336047, y: 0.00010596746, z: -0.06577465}
  m_LocalScale: {x: 0.0004396925, y: 0.00037924957, z: 0.0004396925}
  m_Children: []
  m_Father: {fileID: 4781104811895830396}
  m_RootOrder: 4
  m_LocalEulerAnglesHint: {x: 90.083984, y: -180, z: -89.83002}
--- !u!23 &5031466379336630881
MeshRenderer:
  m_ObjectHideFlags: 0
  m_CorrespondingSourceObject: {fileID: 0}
  m_PrefabInstance: {fileID: 0}
  m_PrefabAsset: {fileID: 0}
  m_GameObject: {fileID: 5031466379334322801}
  m_Enabled: 1
  m_CastShadows: 0
  m_ReceiveShadows: 0
  m_DynamicOccludee: 1
  m_MotionVectors: 1
  m_LightProbeUsage: 0
  m_ReflectionProbeUsage: 0
  m_RayTracingMode: 2
  m_RayTraceProcedural: 0
  m_RenderingLayerMask: 1
  m_RendererPriority: 0
  m_Materials:
  - {fileID: 0}
  m_StaticBatchInfo:
    firstSubMesh: 0
    subMeshCount: 0
  m_StaticBatchRoot: {fileID: 0}
  m_ProbeAnchor: {fileID: 0}
  m_LightProbeVolumeOverride: {fileID: 0}
  m_ScaleInLightmap: 1
  m_ReceiveGI: 1
  m_PreserveUVs: 0
  m_IgnoreNormalsForChartDetection: 0
  m_ImportantGI: 0
  m_StitchLightmapSeams: 0
  m_SelectedEditorRenderState: 3
  m_MinimumChartSize: 4
  m_AutoUVMaxDistance: 0.5
  m_AutoUVMaxAngle: 89
  m_LightmapParameters: {fileID: 0}
  m_SortingLayerID: 0
  m_SortingLayer: 0
  m_SortingOrder: 0
  m_AdditionalVertexStreams: {fileID: 0}
--- !u!33 &5031466379337311365
MeshFilter:
  m_ObjectHideFlags: 0
  m_CorrespondingSourceObject: {fileID: 0}
  m_PrefabInstance: {fileID: 0}
  m_PrefabAsset: {fileID: 0}
  m_GameObject: {fileID: 5031466379334322801}
  m_Mesh: {fileID: 0}
--- !u!114 &5031466379327688303
MonoBehaviour:
  m_ObjectHideFlags: 0
  m_CorrespondingSourceObject: {fileID: 0}
  m_PrefabInstance: {fileID: 0}
  m_PrefabAsset: {fileID: 0}
  m_GameObject: {fileID: 5031466379334322801}
  m_Enabled: 1
  m_EditorHideFlags: 0
  m_Script: {fileID: 11500000, guid: 0884dceb0d4308c4eb8bc763c8f8deae, type: 3}
  m_Name: 
  m_EditorClassIdentifier: 
  m_templateMaterial: {fileID: 2100000, guid: 974b33ccbd786464a825203eb88b8dab, type: 2}
  m_doNotOverwriteTemplateMaterialProperties: 0
  m_startPos: {x: 0, y: 100, z: 0}
  m_endPos: {x: 0, y: 0, z: 0}
  m_lineColor: {r: 1, g: 0, b: 0.70512295, a: 1}
  m_lineWidth: 20
  m_lightSaberFactor: 0.8
--- !u!1 &5031466379349247623
GameObject:
  m_ObjectHideFlags: 0
  m_CorrespondingSourceObject: {fileID: 0}
  m_PrefabInstance: {fileID: 0}
  m_PrefabAsset: {fileID: 0}
  serializedVersion: 6
  m_Component:
  - component: {fileID: 5031466379348917959}
  - component: {fileID: 5031466379346939543}
  - component: {fileID: 5031466379348109427}
  - component: {fileID: 5031466379354571417}
  m_Layer: 6
  m_Name: SingleLine-LightSaber (1)
  m_TagString: Untagged
  m_Icon: {fileID: 0}
  m_NavMeshLayer: 0
  m_StaticEditorFlags: 0
  m_IsActive: 1
--- !u!4 &5031466379348917959
Transform:
  m_ObjectHideFlags: 0
  m_CorrespondingSourceObject: {fileID: 0}
  m_PrefabInstance: {fileID: 0}
  m_PrefabAsset: {fileID: 0}
  m_GameObject: {fileID: 5031466379349247623}
  m_LocalRotation: {x: 0.7042773, y: -0, z: -0, w: 0.70992506}
  m_LocalPosition: {x: -0.026122088, y: -0.00022877997, z: -0.057213865}
  m_LocalScale: {x: 0.0002454505, y: 0.0011441759, z: 0.00024545047}
  m_Children: []
  m_Father: {fileID: 4781104811895830396}
  m_RootOrder: 2
  m_LocalEulerAnglesHint: {x: 89.543, y: 0, z: 0}
--- !u!23 &5031466379346939543
MeshRenderer:
  m_ObjectHideFlags: 0
  m_CorrespondingSourceObject: {fileID: 0}
  m_PrefabInstance: {fileID: 0}
  m_PrefabAsset: {fileID: 0}
  m_GameObject: {fileID: 5031466379349247623}
  m_Enabled: 1
  m_CastShadows: 0
  m_ReceiveShadows: 0
  m_DynamicOccludee: 1
  m_MotionVectors: 1
  m_LightProbeUsage: 0
  m_ReflectionProbeUsage: 0
  m_RayTracingMode: 2
  m_RayTraceProcedural: 0
  m_RenderingLayerMask: 1
  m_RendererPriority: 0
  m_Materials:
  - {fileID: 0}
  m_StaticBatchInfo:
    firstSubMesh: 0
    subMeshCount: 0
  m_StaticBatchRoot: {fileID: 0}
  m_ProbeAnchor: {fileID: 0}
  m_LightProbeVolumeOverride: {fileID: 0}
  m_ScaleInLightmap: 1
  m_ReceiveGI: 1
  m_PreserveUVs: 0
  m_IgnoreNormalsForChartDetection: 0
  m_ImportantGI: 0
  m_StitchLightmapSeams: 0
  m_SelectedEditorRenderState: 3
  m_MinimumChartSize: 4
  m_AutoUVMaxDistance: 0.5
  m_AutoUVMaxAngle: 89
  m_LightmapParameters: {fileID: 0}
  m_SortingLayerID: 0
  m_SortingLayer: 0
  m_SortingOrder: 0
  m_AdditionalVertexStreams: {fileID: 0}
--- !u!33 &5031466379348109427
MeshFilter:
  m_ObjectHideFlags: 0
  m_CorrespondingSourceObject: {fileID: 0}
  m_PrefabInstance: {fileID: 0}
  m_PrefabAsset: {fileID: 0}
  m_GameObject: {fileID: 5031466379349247623}
  m_Mesh: {fileID: 0}
--- !u!114 &5031466379354571417
MonoBehaviour:
  m_ObjectHideFlags: 0
  m_CorrespondingSourceObject: {fileID: 0}
  m_PrefabInstance: {fileID: 0}
  m_PrefabAsset: {fileID: 0}
  m_GameObject: {fileID: 5031466379349247623}
  m_Enabled: 1
  m_EditorHideFlags: 0
  m_Script: {fileID: 11500000, guid: 0884dceb0d4308c4eb8bc763c8f8deae, type: 3}
  m_Name: 
  m_EditorClassIdentifier: 
  m_templateMaterial: {fileID: 2100000, guid: 974b33ccbd786464a825203eb88b8dab, type: 2}
  m_doNotOverwriteTemplateMaterialProperties: 0
  m_startPos: {x: 0, y: 100, z: 0}
  m_endPos: {x: 0, y: 0, z: 0}
  m_lineColor: {r: 0, g: 1, b: 1, a: 1}
  m_lineWidth: 20
  m_lightSaberFactor: 0.8
--- !u!1 &5031466380591570257
GameObject:
  m_ObjectHideFlags: 0
  m_CorrespondingSourceObject: {fileID: 0}
  m_PrefabInstance: {fileID: 0}
  m_PrefabAsset: {fileID: 0}
  serializedVersion: 6
  m_Component:
  - component: {fileID: 5031466380591654161}
  - component: {fileID: 5031466380589684033}
  - component: {fileID: 5031466380588266405}
  - component: {fileID: 5031466380597516623}
  m_Layer: 6
  m_Name: SingleLine-LightSaber (2)
  m_TagString: Untagged
  m_Icon: {fileID: 0}
  m_NavMeshLayer: 0
  m_StaticEditorFlags: 0
  m_IsActive: 1
--- !u!4 &5031466380591654161
Transform:
  m_ObjectHideFlags: 0
  m_CorrespondingSourceObject: {fileID: 0}
  m_PrefabInstance: {fileID: 0}
  m_PrefabAsset: {fileID: 0}
  m_GameObject: {fileID: 5031466380591570257}
  m_LocalRotation: {x: 0.5000006, y: -0.5000054, z: 0.5007391, w: 0.49925384}
  m_LocalPosition: {x: 0.019336047, y: 0.00010596746, z: 0.065509245}
  m_LocalScale: {x: 0.0004396925, y: 0.00037924957, z: 0.0004396925}
  m_Children: []
  m_Father: {fileID: 4781104811895830396}
  m_RootOrder: 3
  m_LocalEulerAnglesHint: {x: 90.083984, y: -180, z: -89.83002}
--- !u!23 &5031466380589684033
MeshRenderer:
  m_ObjectHideFlags: 0
  m_CorrespondingSourceObject: {fileID: 0}
  m_PrefabInstance: {fileID: 0}
  m_PrefabAsset: {fileID: 0}
  m_GameObject: {fileID: 5031466380591570257}
  m_Enabled: 1
  m_CastShadows: 0
  m_ReceiveShadows: 0
  m_DynamicOccludee: 1
  m_MotionVectors: 1
  m_LightProbeUsage: 0
  m_ReflectionProbeUsage: 0
  m_RayTracingMode: 2
  m_RayTraceProcedural: 0
  m_RenderingLayerMask: 1
  m_RendererPriority: 0
  m_Materials:
  - {fileID: 0}
  m_StaticBatchInfo:
    firstSubMesh: 0
    subMeshCount: 0
  m_StaticBatchRoot: {fileID: 0}
  m_ProbeAnchor: {fileID: 0}
  m_LightProbeVolumeOverride: {fileID: 0}
  m_ScaleInLightmap: 1
  m_ReceiveGI: 1
  m_PreserveUVs: 0
  m_IgnoreNormalsForChartDetection: 0
  m_ImportantGI: 0
  m_StitchLightmapSeams: 0
  m_SelectedEditorRenderState: 3
  m_MinimumChartSize: 4
  m_AutoUVMaxDistance: 0.5
  m_AutoUVMaxAngle: 89
  m_LightmapParameters: {fileID: 0}
  m_SortingLayerID: 0
  m_SortingLayer: 0
  m_SortingOrder: 0
  m_AdditionalVertexStreams: {fileID: 0}
--- !u!33 &5031466380588266405
MeshFilter:
  m_ObjectHideFlags: 0
  m_CorrespondingSourceObject: {fileID: 0}
  m_PrefabInstance: {fileID: 0}
  m_PrefabAsset: {fileID: 0}
  m_GameObject: {fileID: 5031466380591570257}
  m_Mesh: {fileID: 0}
--- !u!114 &5031466380597516623
MonoBehaviour:
  m_ObjectHideFlags: 0
  m_CorrespondingSourceObject: {fileID: 0}
  m_PrefabInstance: {fileID: 0}
  m_PrefabAsset: {fileID: 0}
  m_GameObject: {fileID: 5031466380591570257}
  m_Enabled: 1
  m_EditorHideFlags: 0
  m_Script: {fileID: 11500000, guid: 0884dceb0d4308c4eb8bc763c8f8deae, type: 3}
  m_Name: 
  m_EditorClassIdentifier: 
  m_templateMaterial: {fileID: 2100000, guid: 974b33ccbd786464a825203eb88b8dab, type: 2}
  m_doNotOverwriteTemplateMaterialProperties: 0
  m_startPos: {x: 0, y: 100, z: 0}
  m_endPos: {x: 0, y: 0, z: 0}
  m_lineColor: {r: 1, g: 0, b: 0.70512295, a: 1}
  m_lineWidth: 20
  m_lightSaberFactor: 0.8
--- !u!1 &5265330090950421958
GameObject:
  m_ObjectHideFlags: 0
  m_CorrespondingSourceObject: {fileID: 0}
  m_PrefabInstance: {fileID: 0}
  m_PrefabAsset: {fileID: 0}
  serializedVersion: 6
  m_Component:
  - component: {fileID: 4781104811895830396}
  - component: {fileID: 5031466379976115726}
  m_Layer: 6
  m_Name: Platform_new
  m_TagString: Untagged
  m_Icon: {fileID: 0}
  m_NavMeshLayer: 0
  m_StaticEditorFlags: 0
  m_IsActive: 1
--- !u!4 &4781104811895830396
Transform:
  m_ObjectHideFlags: 0
  m_CorrespondingSourceObject: {fileID: 0}
  m_PrefabInstance: {fileID: 0}
  m_PrefabAsset: {fileID: 0}
  m_GameObject: {fileID: 5265330090950421958}
  m_LocalRotation: {x: 0, y: -0, z: -0, w: 1}
  m_LocalPosition: {x: -1414.388, y: 8.2363, z: 1691.9}
  m_LocalScale: {x: 2332.634, y: 2332.634, z: 2332.634}
  m_Children:
  - {fileID: 1677860333760570938}
  - {fileID: 5031466379220458349}
  - {fileID: 5031466379348917959}
  - {fileID: 5031466380591654161}
  - {fileID: 5031466379334414897}
  m_Father: {fileID: 0}
  m_RootOrder: 0
  m_LocalEulerAnglesHint: {x: 0, y: 0, z: 0}
--- !u!65 &5031466379976115726
BoxCollider:
  m_ObjectHideFlags: 0
  m_CorrespondingSourceObject: {fileID: 0}
  m_PrefabInstance: {fileID: 0}
  m_PrefabAsset: {fileID: 0}
  m_GameObject: {fileID: 5265330090950421958}
  m_Material: {fileID: 0}
  m_IsTrigger: 0
  m_Enabled: 1
  serializedVersion: 2
  m_Size: {x: 0.052456982, y: 0.0058288635, z: 0.12770039}
  m_Center: {x: 0.000081885235, y: 0.00058923947, z: 0.0009170136}
--- !u!1 &5479017745311249860
GameObject:
  m_ObjectHideFlags: 0
  m_CorrespondingSourceObject: {fileID: 0}
  m_PrefabInstance: {fileID: 0}
  m_PrefabAsset: {fileID: 0}
  serializedVersion: 6
  m_Component:
  - component: {fileID: 1677860333760570938}
  - component: {fileID: 8636354643572136492}
  - component: {fileID: 7934879562896529910}
  m_Layer: 6
  m_Name: pCube1
  m_TagString: Untagged
  m_Icon: {fileID: 0}
  m_NavMeshLayer: 0
  m_StaticEditorFlags: 0
  m_IsActive: 1
--- !u!4 &1677860333760570938
Transform:
  m_ObjectHideFlags: 0
  m_CorrespondingSourceObject: {fileID: 0}
  m_PrefabInstance: {fileID: 0}
  m_PrefabAsset: {fileID: 0}
  m_GameObject: {fileID: 5479017745311249860}
  m_LocalRotation: {x: 0, y: -0, z: -0, w: 1}
  m_LocalPosition: {x: -0, y: 0, z: 0}
  m_LocalScale: {x: 1, y: 1, z: 1}
  m_Children: []
  m_Father: {fileID: 4781104811895830396}
  m_RootOrder: 0
  m_LocalEulerAnglesHint: {x: 0, y: 0, z: 0}
--- !u!33 &8636354643572136492
MeshFilter:
  m_ObjectHideFlags: 0
  m_CorrespondingSourceObject: {fileID: 0}
  m_PrefabInstance: {fileID: 0}
  m_PrefabAsset: {fileID: 0}
  m_GameObject: {fileID: 5479017745311249860}
  m_Mesh: {fileID: 4068373912626513877, guid: 620ccc506c28fcd488d45aec2222409d, type: 3}
--- !u!23 &7934879562896529910
MeshRenderer:
  m_ObjectHideFlags: 0
  m_CorrespondingSourceObject: {fileID: 0}
  m_PrefabInstance: {fileID: 0}
  m_PrefabAsset: {fileID: 0}
  m_GameObject: {fileID: 5479017745311249860}
  m_Enabled: 1
  m_CastShadows: 1
  m_ReceiveShadows: 1
  m_DynamicOccludee: 1
  m_MotionVectors: 1
  m_LightProbeUsage: 1
  m_ReflectionProbeUsage: 1
  m_RayTracingMode: 2
  m_RayTraceProcedural: 0
  m_RenderingLayerMask: 257
  m_RendererPriority: 0
  m_Materials:
  - {fileID: 2100000, guid: 8a28df66e98051f498288c46af598744, type: 2}
  m_StaticBatchInfo:
    firstSubMesh: 0
    subMeshCount: 0
  m_StaticBatchRoot: {fileID: 0}
  m_ProbeAnchor: {fileID: 0}
  m_LightProbeVolumeOverride: {fileID: 0}
  m_ScaleInLightmap: 1
  m_ReceiveGI: 1
  m_PreserveUVs: 0
  m_IgnoreNormalsForChartDetection: 0
  m_ImportantGI: 0
  m_StitchLightmapSeams: 1
  m_SelectedEditorRenderState: 3
  m_MinimumChartSize: 4
  m_AutoUVMaxDistance: 0.5
  m_AutoUVMaxAngle: 89
  m_LightmapParameters: {fileID: 0}
  m_SortingLayerID: 0
  m_SortingLayer: 0
  m_SortingOrder: 0
  m_AdditionalVertexStreams: {fileID: 0}
